@misc{airas2025,
  author    = {Toma Tanaka and Takumi Matsuzawa and Yuki Yoshino and Ilya Horiguchi and Shiro Takagi and Ryutaro Yamauchi and Wataru Kumagai},
  title     = {{AIRAS}},
  year      = {2025},
  publisher = {GitHub},
  url       = {https://github.com/airas-org/airas}
}


@article{Xu2023, doi = {https://doi.org/10.1109/jstsp.2023.3239189}, author = {Wei Xu and Zhaohui Yang and Derrick Wing Kwan Ng and Marco Levorato and Yonina C. Eldar and M\'erouane Debbah}, title = {Edge Learning for B5G Networks With Distributed Signal Processing: Semantic Communication, Edge Computing, and Wireless Sensing}, journal = {IEEE Journal of Selected Topics in Signal Processing}, volume = {17}, number = {1}, pages = {9--39}, year = {2023}, url = {https://openalex.org/W4317794926} }